@online{oms,
      title  = "Folha informativa – COVID-19 (doença causada pelo novo coronavírus)",
      author = "OMS",
      url    = "https://www.paho.org/bra/index.php?option=com_content&view=article&id=6101:covid19&Itemid=875",
      year   = "2020 (accessed August 16, 2020)"
    }
    

    
@online{pearson,
      title  = "Coeficientes de Correlação",
      author = "Bruno Oliveira",
      url    = "https://operdata.com.br/blog/coeficientes-de-correlacao/",
      year   = "2020 (accessed August 16, 2020)"
    }
    
@book{atoumscaled,
  title={Scaled Pearson’s Correlation Coefficient for Evaluating Text Similarity Measures},
  author={Atoum, I.},
  url={https://books.google.com.br/books?id=UrjTDwAAQBAJ},
  publisher={Infinite Study}
}

@online{dataset-covid,
      title  = "Dataset COVID-19 Manaus",
      author = "Prefeitura Municipal de Manaus",
      url = "https://covid19.manaus.am.gov.br/wp-content/uploads/Manaus.csv&ust=1597712520000000&usg=AOvVaw1L1TvJFzNGLrF4EQZH4RgC&hl=pt-BR",
      year = "2020 (accessed August 16, 2020)"
    }